<?xml version="1.0" encoding="UTF-8"?><collection><record><leader>07524ntm a2200529 a 4500</leader><controlfield tag="001">006823190</controlfield><controlfield tag="003">MiAaHDL</controlfield><controlfield tag="005">20190719000000.0</controlfield><controlfield tag="006">m        d        </controlfield><controlfield tag="007">cr bn ---auaua</controlfield><controlfield tag="008">090625q18201821ii            00| ||per d</controlfield><datafield tag="035" ind1=" " ind2=" "><subfield code="a">(MiU)006823190</subfield></datafield><datafield tag="035" ind1=" " ind2=" "><subfield code="a">sdr-miu006823190</subfield></datafield><datafield tag="040" ind1=" " ind2=" "><subfield code="a">MiU</subfield><subfield code="c">MiU</subfield><subfield code="e">amremm</subfield></datafield><datafield tag="043" ind1=" " ind2=" "><subfield code="a">n-us-mi</subfield><subfield code="a">a-ii---</subfield></datafield><datafield tag="100" ind1="0" ind2=" "><subfield code="6">880-01</subfield><subfield code="a">Ray Govinda Rama Rao.</subfield></datafield><datafield tag="240" ind1="1" ind2="0"><subfield code="6">880-02</subfield><subfield code="a">Guldastah</subfield></datafield><datafield tag="245" ind1="1" ind2="0"><subfield code="6">880-03</subfield><subfield code="a">Kitāb-i Guldastah,</subfield><subfield code="f">[1236, i.e. 1820 or 1821].</subfield></datafield><datafield tag="246" ind1="3" ind2=" "><subfield code="a">كل دسته</subfield></datafield><datafield tag="260" ind1=" " ind2=" "><subfield code="a">[Machilipatnam,</subfield><subfield code="c">1820 or 1821].</subfield></datafield><datafield tag="300" ind1=" " ind2=" "><subfield code="a">37 leaves :</subfield><subfield code="b">paper ;</subfield><subfield code="c">320 x 190 mm.</subfield></datafield><datafield tag="500" ind1=" " ind2=" "><subfield code="a">Shelfmark: Ann Arbor, University of Michigan, Special Collections Library, Isl. Ms. 1010</subfield></datafield><datafield tag="500" ind1=" " ind2=" "><subfield code="a">Origin: As appears in inscription (colophon) on opening leaf, transcription completed 1236 [1820 or 21].</subfield></datafield><datafield tag="500" ind1=" " ind2=" "><subfield code="a">Accompanying materials: a. Photocopy of a letter, from C. A. Storey at the India Office, Whitehall, London, to Mr. Turner, 4 January 1927: "The title of the Persian book which you left with me some time ago is Guldastah (i.e. The Nosegay) and the author Ray Govinda Rama Rao. It was completed at Masulipatan in the year 1236 of the Muhamadan era (=1820-1 A.D.). As you will see from the slips which I have inserted at a number of points, the contents are miscellaneous, but the greater part of the book consists of extremely brief historical summaries relating mainly to Southern India. The pictures of course have little artistic value and the work itself is unimportant. Such things have no fixed market value, and it is always difficult to estimate what they will fetch, but I do not think it would be possible to sell this manuscript for more than £1 (one pound) and it might even be difficult to find any one who would give so much. "I must apologize for keeping the manuscript so long. "Yours sincerely "C.A. Storey" -- b. Photocopy of a letter, from "Ernest [Turner?]" at the India Office to "Alice," 5-1-27: "I have at last got the promised report on your Persian book and send it herewith. It is evidently not a treasure, but the Map of the World near the beginning is rather fascinating, as it seems to omit Europe Asia Africa America and most other places." -- c. Slip of paper stamped "Rare Book Room/Stephen Spaulding Memorial" and inscribed in pencil: SS-4077/Edwards cat 784:198/£5" -- d. Two cards with writing of Emilie Savage-Smith [?]: "Personal family tree/Moghul (NW India/illus. fine late 18th c./go thru &amp; remove paper slips w/ ID" and "SS Isl. Ms. shelved on VB,1" -- e. Slip of paper: "Counted for 1968/69 Annual Report"; in hand of Jamison: "Letter from C. A. Storey laid in."</subfield></datafield><datafield tag="500" ind1=" " ind2=" "><subfield code="a">Former shelfmark: Mich. Isl. Ms. temp. no. 159</subfield></datafield><datafield tag="500" ind1=" " ind2=" "><subfield code="a">Binding: Boards covered in shell marbled paper (in brown, blue, yellow, and red) with brown leather over spine and board corners (half binding) ; Type III binding (without flap) ; pastedowns and flyleaves in untinted laid paper ; sewn in cream thread over three tapes / cords (flexible sewing) ; overall in quite poor condition with cover fully detached at spine with losses of leather and lining (adhesive exposed), sewing almost entirely failed, abrasion, red rot, staining, etc. ; housed in box for protection.</subfield></datafield><datafield tag="500" ind1=" " ind2=" "><subfield code="a">Support: European laid paper with 8 laid lines per cm. (horizontal), chain lines spaced 24 mm. apart (vertical) and watermarks of "S &amp; C WISE 1818" (fol.1, etc.) and heart divided quarterly with initials "E V I C" and "1818" below (see fol.3, etc. and compare Heawood no.3466, in sample dated 1823), thin and sturdy, dark cream in color ; two leaves on a non-European (likely Indian) laid paper.</subfield></datafield><datafield tag="500" ind1=" " ind2=" "><subfield code="a">Decoration: Some keywords and headings rubricated, many others overlined in red ; written area throughout surrounded by red or black double rule-border ; illustrated with several diagrams (namely one full-page color representation of the source of growth and spiritual attributes and of a wheel in orange and red, along with four full-page architectural layouts / plans and one half-page world map in black and white) and portraits of various rulers or legends (two full-page and roughly 21 half to three-quarter page paintings, varying in size, most heavily employing pastel colors such as lavender, pink, pale yellow, mint green, red, dark orange, etc.) ; some paintings cut from other pages and pasted on to the present leaves.</subfield></datafield><datafield tag="500" ind1=" " ind2=" "><subfield code="a">Script: Nastaʻlīq with elements of shikastah ; fine Indian hand, varying in size ; serifless with effect of words descending to baseline, elongation and exaggerated thickness of horizontal strokes, pointing mainly in distinct or conjoined dots, sweeping descenders (final yāʼ often uncurved, final nūn often reversed or recurved).</subfield></datafield><datafield tag="500" ind1=" " ind2=" "><subfield code="a">Layout: Roughly 17-33 lines per page on the diagonal, much variation depending on whether an illustration is present ; every other page left blank (i.e. only the recto of each leaf has been employed except for two cases where an illustration / portrait has been supplied on the verso, see fols.8-9).</subfield></datafield><datafield tag="500" ind1=" " ind2=" "><subfield code="a">Collation: Likely originally quinions, most bifolia now split and sewing failing ; foliation in faint brown ink (reversed, i.e. proceeds as though the codex were read left to right).</subfield></datafield><datafield tag="500" ind1=" " ind2=" "><subfield code="a">Colophon: "مراد حق ما بود آنچه گفتم ز هجرت ده صد دو سی و شش بود سنه ١٢٣۶ تحریر تمام شد [؟] مدینه مچهلی پتن"</subfield></datafield><datafield tag="500" ind1=" " ind2=" "><subfield code="a">Title from inscription on opening leaf.</subfield></datafield><datafield tag="500" ind1=" " ind2=" "><subfield code="a">Ms. codex.</subfield></datafield><datafield tag="505" ind1="0" ind2=" "><subfield code="a">"Inserted paper slips describe contents specifically: [1] 'A note on the Copernican theory that the Earth &amp; the other planets revolve round the Sun.' [2] 'A list of the Muhammadan rulers of northern India.' Accompanying illustration shows Indian ruler with an English king or governor. [3] 'A sketch of the history of the Marhatta kingdom to the time of Baji Rao.' [4] 'Plan of a fort (apparently at Daulatabad).' [5] 'Portrait of Sultan Abu 'l-Hasan Shah, the last king of Golconda, who died A.D. 1700.' [6] 'Statement concerning the revenues of the Subahs of the Deccan.' [7] 'Plan of Hyderabad.' [8] 'Account of Asaf-Jah.' [9] 'Map of the World.' [10] 'Geographical notes on Europe.' [11] 'Notes on England.' [12] 'On the Pope and his relations with England.' [13] 'A summary of English history (little more than a list of kings) to the time of Richard I'" - from handlist prepared by R. Dougherty, 1993.</subfield></datafield><datafield tag="520" ind1="8" ind2=" "><subfield code="a">Elegant copy of a collection of historical miscellanies, mainly pertaining to southern India, composed by Ray Govinda Rama Rao (see inscription on opening leaf).</subfield></datafield><datafield tag="538" ind1=" " ind2=" "><subfield code="a">Mode of access: Internet.</subfield></datafield><datafield tag="541" ind1=" " ind2=" "><subfield code="a">Acquired via the Stephen Spaulding Memorial Fund ; "Fr. Edwards: 6-5-58/SS-4077/cat. 784:198"</subfield><subfield code="d">6-5-58 ;</subfield><subfield code="h">£5</subfield></datafield><datafield tag="546" ind1=" " ind2=" "><subfield code="a">Persian.</subfield></datafield><datafield tag="561" ind1=" " ind2=" "><subfield code="a">UM Library inscription in pencil on front flyleaf "Rare Book Room | Stephen Spaulding Mem. | Fr. Edwards: 6-5-58 | SS-4077 | cat. 784:198 £5" ; in pencil on lower pastedown "£5" ; fairly clean copy.</subfield></datafield><datafield tag="650" ind1=" " ind2="0"><subfield code="a">Manuscripts, Persian</subfield><subfield code="z">Michigan</subfield><subfield code="z">Ann Arbor.</subfield></datafield><datafield tag="651" ind1=" " ind2="0"><subfield code="a">India</subfield><subfield code="x">Geography</subfield><subfield code="v">Miscellanea.</subfield></datafield><datafield tag="651" ind1=" " ind2="0"><subfield code="a">India</subfield><subfield code="x">History</subfield><subfield code="v">Miscellanea.</subfield></datafield><datafield tag="773" ind1="0" ind2=" "><subfield code="a">Stephen Spaulding Collection.</subfield></datafield><datafield tag="880" ind1="1" ind2="0"><subfield code="6">245-03/</subfield><subfield code="a">كتاب گلدسته</subfield><subfield code="f">[1236ه, 1820 يا 1821م].</subfield></datafield><datafield tag="880" ind1="1" ind2="0"><subfield code="6">240-02/</subfield><subfield code="a">گلدسته</subfield></datafield><datafield tag="880" ind1="0" ind2=" "><subfield code="6">100-01/</subfield><subfield code="a">راي كو وند راما راو.</subfield></datafield><datafield tag="CID" ind1=" " ind2=" "><subfield code="a">006823190</subfield></datafield><datafield tag="DAT" ind1="0" ind2=" "><subfield code="a">20190719102640.0</subfield><subfield code="b">20190719000000.0</subfield></datafield><datafield tag="DAT" ind1="1" ind2=" "><subfield code="a">20190719090653.0</subfield><subfield code="b">2019-07-19T16:10:51Z</subfield></datafield><datafield tag="DAT" ind1="2" ind2=" "><subfield code="a">2015-10-02T18:00:03Z</subfield></datafield><datafield tag="CAT" ind1=" " ind2=" "><subfield code="a">SDR-MIU</subfield><subfield code="d">EX LIBRIS - ALEPH</subfield><subfield code="l">prepare.pl-004-008</subfield></datafield><datafield tag="FMT" ind1=" " ind2=" "><subfield code="a">BK</subfield></datafield><datafield tag="HOL" ind1=" " ind2=" "><subfield code="0">sdr-miu006823190</subfield><subfield code="a">MiU</subfield><subfield code="b">SDR</subfield><subfield code="c">MIU</subfield><subfield code="p">mdp.39015079131002</subfield><subfield code="s">MIU</subfield><subfield code="1">006823190</subfield></datafield><datafield tag="974" ind1=" " ind2=" "><subfield code="b">MIU</subfield><subfield code="c">MIU</subfield><subfield code="d">20190719</subfield><subfield code="s">lit-dlps-dc</subfield><subfield code="u">mdp.39015079131002</subfield><subfield code="y">1821</subfield><subfield code="r">pd</subfield><subfield code="q">bib</subfield><subfield code="t">non-US bib date2 &lt; 1896</subfield></datafield></record></collection>